@article{wang2019make,
  title={Make redirection evil again: Url parser issues in oauth},
  author={Wang, Xianbo and Lau, Wing Cheong and Yang, Ronghai and Shi, Shangcheng},
  journal={BlackHat Asia},
  volume={2019},
  year={2019}
}

@article{lodderstedt2020oauth,
  title={OAuth 2.0 security best current practice},
  author={Lodderstedt, Torsten and Bradley, John and Labunets, Andrey and Fett, Daniel},
  journal={IETF Web Authorization Protocol, Tech. Rep. draft-ietf-oauth-security-topics-16},
  year={2020}
}

@inproceedings{fett2016comprehensive,
  title={A comprehensive formal security analysis of OAuth 2.0},
  author={Fett, Daniel and K{\"u}sters, Ralf and Schmitz, Guido},
  booktitle={Proceedings of the 2016 ACM SIGSAC Conference on Computer and Communications Security},
  pages={1204--1215},
  year={2016}
}

@inproceedings{philippaerts2022oauch,
  title={OAuch: Exploring Security Compliance in the OAuth 2.0 Ecosystem},
  author={Philippaerts, Pieter and Preuveneers, Davy and Joosen, Wouter},
  booktitle={Proceedings of the 25th International Symposium on Research in Attacks, Intrusions and Defenses},
  pages={460--481},
  year={2022}
}

@misc{bradley2015rfc,
  title={RFC 7636: Proof Key for Code Exchange by OAuth Public Clients},
  author={Bradley, J and Agarwal, N},
  year={2015},
  publisher={RFC Editor}
}

@misc{hardt2012rfc,
  title={Rfc 6749: The oauth 2.0 authorization framework},
  author={Hardt, Dick},
  year={2012},
  publisher={RFC Editor}
}

@misc{hammer2010rfc,
  title={Rfc 5849: The oauth 1.0 protocol},
  author={Hammer-Lahav, Eran},
  year={2010},
  publisher={RFC Editor}
}

@techreport{denniss2019oauth,
  title={Oauth 2.0 device authorization grant},
  author={Denniss, William and Bradley, John and Jones, Michael and Tschofenig, Hannes},
  year={2019}
}

@article{fielding1999hypertext,
  title={Hypertext transfer protocol},
  author={Fielding, Roy},
  journal={RFC 2616},
  year={1999}
}

@INPROCEEDINGS{10226912,
  author={Li, Decian and Lin, Ching-Huang},
  booktitle={2023 International Conference on Consumer Electronics - Taiwan (ICCE-Taiwan)}, 
  title={Prevention Mechanisms for Stolen Access Token Injection Attack in Financial-grade API}, 
  year={2023},
  volume={},
  number={},
  pages={209-210},
  doi={10.1109/ICCE-Taiwan58799.2023.10226912}}
  
@inproceedings{belfaik2022single,
  title={Single Sign-On Revocation Access},
  author={Belfaik, Yousra and Lmouhandiz, Abdelhak and Sadqi, Yassine and Safi, Said},
  booktitle={Advances in Information, Communication and Cybersecurity: Proceedings of ICI2Câ€™21},
  pages={535--544},
  year={2022},
  organization={Springer}
}

@inproceedings{chung2018pragmatic,
  title={Pragmatic approach using OAuth mechanism for IoT device authorization in cloud},
  author={Chung, Seung-Hwa and Kim, Jee Hyeok and Kim, YoungJin},
  booktitle={2018 International Conference on Advances in Computing, Communication Control and Networking (ICACCCN)},
  pages={1--4},
  year={2018},
  organization={IEEE}
}


