% ==============================================================================
% ==============================================================================
% ------------------------------------Buecher-----------------------------------
%@book{<+key+>,
%  Notwendig: author,title,publisher,year
%  Optional: volume,number,series,address,edition,month,isbn,note
%  ISBN-Angabe bitte möglichst nicht verwenden
%}
% ------------------Artikel einer Zeitung oder eines Magazins-------------------
%@article{<+key+>,
%  Notwendig: author,title,journal,year
%  Optional: volume,number,pages,month,note,doi/url+urldate
%}
% ----------------------------- Konferenzbeitraege -----------------------------
%@inproceedings{<+key+>,
%  Notwendig: author,title,booktitle,year,editor,publisher
%  Optional: series,volume,number,pages,address,month,organization,note,
%   doi/url+urldate
%}
% ----------------------------------Onlinequellen-------------------------------
%@online{<+key+>,
%  Notwendig: author,title,year,url+urldate
%  Optional: version,organization,month,note
%}
% ----------------------------------Weitere-------------------------------------
%@incollection{<+key+>,
%  Notwendig: author,title,booktitle,year,editor,publisher
%  Optional: series,volume,number,type,chapter,pages,address,edition,
%    month,isbn,note,doi/url+urldate
%}
%@patent{<key>,
%  Notwendig: author,title,number,year
%  Optioal: holder,version,month,type,address,note,doi/url+urldate
%}
%@thesis{<key>,
%  Notwendig: author,title,type,institution,year
%  Optional: month,pubstate,address,note,doi/url+urldate
%}
%@unpublished{<key>,
%  Notwendig: author,title,year
%  Optional: month,pubstate,address,note,url+urldate
%}
%@misc{<+key+>,
%  Notwendig: author,title,year
%  Optional: howpublished,version,organization,month,address,note,url+urldate
%}
% ==============================================================================
% ==============================================================================


% ------------------------------------Buecher-----------------------------------
@book{Beut2009,
  author={Beutelspacher, Albrecht},
  title={{Kryptologie: Eine Einführung in die Wissenschaft vom Verschlüsseln,
    Verbergen und Verheimlichen}},
  publisher={Vieweg + Teubner},
  year={2009},
  address={Wiesbaden},
  edition={9. akt. Auflage},
  % isbn={9783834896063}, % ISBN-Angabe bitte möglichst nicht verwenden
}

@book{Küht2021,
  author={Kühtz, Stefan},
  title={{Wissenschaftlich formulieren}},
  publisher={utb},
  year={2021},
  % address={},
  edition={6. akt. u. erw. Auflage},
  % isbn={9783825254957}, % ISBN-Angabe bitte möglichst nicht verwenden
}

@book{Posp2012,
  author={Pospiech, Ulrike},
  title={{Wie schreibt man wissenschaftliche Arbeiten? -- Alles Wichtige von der
    Planung bis zum fertigen Text}},
  publisher={Dudenverlag},
  year={2002},
  address={Mannheim/Zürich},
  % isbn={9783411747115}, % ISBN-Angabe bitte möglichst nicht verwenden
}

@book{Schl2013,
  author={Schlosser, Joachim},
  title={{Wissenschaftliche Arbeiten schreiben mit LaTeX -- Leitfaden für
    Einsteiger}},
  publisher={mitp-Verlag},
  year={2013},
  address={Heidelberg},
  edition={5. Auflage},
  % isbn={9783826694868}, % ISBN-Angabe bitte möglichst nicht verwenden
}

@book{ScWe2007,
  author={Schneider, Uwe},
  title={{Taschenbuch der Informatik}},
  publisher={Carl-Hanser-Verlag},
  year={2007},
  address={Leipzig},
  edition={6. Auflage},
  % isbn={9783446407541}, % ISBN-Angabe bitte möglichst nicht verwenden
}


% ------------------Artikel einer Zeitung oder eines Magazins-------------------

@article{Kili2006,
  author={Kilian, Detlef},
  title={{Einführung in Informationssicherheitsmanagementsysteme (I) -
    Begriffsbestimmung und Standards}},
  journal={Datenschutz und Datensicherheit DuD},
  year={2006},
  volume={30},
  number={10},
  pages={651-654},
}

@article{Lamp1981,
  author={Lamport, Leslie},
  title={{Password authentication with insecure communication}},
  journal={Communications of the ACM},
  year={1981},
  volume={24},
  number={11},
  pages={770-772},
}

@article{ThKZ2002,
  author={Thalheim, Lisa and Krissler, Jan and Ziegler, Peter-Michael},
  title={{Körperkontrolle -- Biometrische Zugangssicherungen auf die Probe
    gestellt}},
  journal={ct},
  year={2002},
  number={11},
  pages={114--123},
}


% ----------------------------- Konferenzbeitraege -----------------------------

@inproceedings{HSFN2009,
  author={Herrmann, Dominik and Scheuer, Florian and Feustel, Philipp and Nowey,
    Thomas and Federrath, Hannes},
  title={{A Privacy-Preserving Platform for User-Centric Quantitative
    Benchmarking}},
  booktitle={Proceedings of the 6th International Conference on Trust, Privacy
  and Security in Digital Business},
  year={2009},
  editor={Fischer{-}Hübner, Simone and Lambrinoudakis, Costas and Pernul,
    Günther},
  volume={5695},
  series={Lecture Notes in Computer Science},
  pages={32-41},
  address={Berlin},
  publisher={Springer-Verlag},
}

@inproceedings{InBr2009,
  author={Innerhofer-Oberperfler, Frank and Breu, Ruth},
  title={{An empirically derived loss taxonomy based on publicly known security incidents}},
  booktitle={Proc. of International Conference on Availability, Reliability and Security (ARES'09)},
  year={2009},
  pages={66-73},
  organization={IEEE},
  address={Fukuoaka, Japan},
  month=mar,
}

@inproceedings{WWPK2010,
  author={Westermann, Benedikt and Wendolsky, Rolf and Pimenidis, Lexi and
    Kesdogan, Dogan},
  title={{Cryptographic Protocol Analysis of AN.ON}},
  booktitle={Financial Cryptography and Data Security: 14th International
    Conference, FC 2010},
  year={2010},
  editor={Sion, Radu},
  series={Lecture Notes in Computer Science},
  volume={6052},
  pages={114-128},
  address={Canary Islands, Spain},
  month=jan,
  publisher={Springer Science \& Business Media},
  url={http://dx.doi.org/10.1007/978-3-642-14577-3_11},
  urldate={2016-08-02},
}


% ----------------------------------Onlinequellen-------------------------------

@online{Bier2009,
  author={Bier, Christoph},
  title={{typokurz -- Einige wichtige typographische Regeln}},
  year={2009},
  month=may,
  url={https://zvisionwelt.files.wordpress.com/2012/01/typokurz.pdf},
  % https://zvisionwelt.wordpress.com/downloads/
  urldate={2016-07-13},
}

@online{CCC2009,
  author={Kurz, Constanze and Rieger, Frank},
  title={{Chaos Computer Club veröffentlicht Stellungnahme zur
    Vorratsdatenspeicherung}},
  year={2009},
  month=jul,
  url={http://www.ccc.de/updates/2009/vds-gutachten},
  urldate={2014-12-05},
}

@online{faui2,
  author={Friedrich-Alexander Universität Erlangen-Nürnberg},
  title={{Beurteilung von wissenschaftlichen Arbeiten am Lehrstuhl für
    Informatik 2 (Programmiersysteme)}},
  year={2012},
  month=mar,
  url={https://www2.informatik.uni-erlangen.de/teaching/thesis/review.html},
  urldate={2014-12-05},
}

@online{Heise2011,
  author={Heise Security News},
  title={{US-Professor wirft Sony Mitschuld am PSN-Hack vor}},
  year={2011},
  month=may,
  url={http://www.heise.de/-1238676},
  urldate={2014-12-05},
}

@online{textwahrnehmung,
  author={Spiegel Online},
  title={{Textwahrnehmung - Simple Sprache wirkt intelligenter}},
  year={2005},
  month=nov,
  url={http://www.spiegel.de/wissenschaft/mensch/0,1518,382730,00.html},
  urldate={2014-12-05},
}

@online{Wiki,
  author={Wikipedia},
  title={{Enigma (Maschine)}},
  year={2011},
  month=apr,
  url={http://de.wikipedia.org/w/index.php?title=Enigma_(Maschine)&oldid=88241310},
  urldate={2014-12-05},
}

@online{BuridansAss,
  author={Wikipedia},
  title={{Buridans Esel}},
  year={2019},
  month=jun,
  url={https://de.wikipedia.org/w/index.php?title=Buridans_Esel&oldid=189329069},
  %url={https://en.wikipedia.org/wiki/Buridan%27s_ass},
  urldate={2020-01-21},
}


% ----------------------------------Weitere-------------------------------------

@misc{Tolk2003,
  author={Tolksdorf, Robert},
  title={{Wie halte ich ein Referat und wie schreibe ich ein Papier}},
  year={2003},
  howpublished={Präsentation},
  address={FU Berlin},
}

@misc{XYZ,
  author={Doe, John},
  title={{The man without a face}},
  year={1666},
  howpublished={A dummy source without a real text},
  address={Nowhere publishing},
}

% ---------------- Die Quellen aus der Muster-Literaturliste -------------------

@article{Chau81,
  author={David Chaum},
  title={Untraceable Electronic Mail, Return Addresses, and Digital Pseudonyms},
  journal={Communications of the ACM},
  volume={24},
  number={2},
  pages={84-88},
  year={1981},
}

@article{Chau88,
  author={David Chaum},
  title={The Dining Cryptographers Problem: Unconditional Sender and Recipient Untraceability},
  journal={Journal of Cryptology},
  pages={65-75},
  volume={1},
  number={1},
  year={1988},
}

@article{GoRS99,
  author={David M. Goldschlag and Michael G. Reed and Paul F. Syverson},
  title={Onion routing for anonymous and private Internet connections},
  journal={Communications of the ACM},
  number={2},
  pages={39-41},
  volume={42},
  year={1999},
}

@book{Pfit90,
  author={Andreas Pfitzmann},
  title={Diensteintegrierende Kommunikationsnetze mit teilnehmerüberprüfbarem Datenschutz},
  publisher={Springer-Verlag},
  address={Berlin},
  series={{IFB }234},
  year={1990},
}

@inproceedings{WaMS2008,
  author={Wei Wang and Mehul Motani and Vikram Srinivasan},
  title={Dependent link padding algorithms for low latency anonymity systems},
  booktitle={Proc. 15th ACM conference on Computer and communications security},
  pages={323--332},
  publisher={ACM},
  year={2008},
}

